2596 4400
930 339 1074 434 -311'

104 533 267 649 Neque
295 535 492 624 Statum
515 521 572 656 α)
601 529 874 638 defuerunt,
912 530 1111 648 adquae

99 672 305 784 tenenda
352 675 673 790 vnusquisque
702 672 1119 790 obstringebatur}

101 865 171 906 r.-
206 815 386 941 Verum
425 799 825 934 quemadmodum
858 819 985 905 nihil
1009 797 1136 924 ‘ests

102 965 255 1082 inquit
288 957 458 1087 Crcnno
499 945 554 1082 b)
594 963 739 1048 simul
760 985 810 1050 ec
830 970 1111 1060 inuentum,

102 1130 153 1212 et
174 1114 474 1226 perfectum³
510 1107 572 1194 ita
612 1127 685 1190 res
731 1130 956 1220 persaepe
993 1102 1111 1192 salu·

100 1227 329 1340 berrimae
373 1272 458 1360 per
513 1249 639 1336 varia
687 1225 905 1335 adiuncta
954 1245 1113 1334 subito

89 1389 371 1508 adhaerent,
423 1404 468 1476 et
512 1405 761 1506 antequam
792 1387 864 1478 ⁴ad
912 1388 1113 1476 solidam
1194 1435 1197 1444 v

98 1509 453 1644 consistentiam
490 1531 816 1634 deducantur,
867 1537 959 1620 iam
1006 1519 1113 1644 oon·

41 1771 43 1780 ,
98 1677 273 1768 cidunt.
312 1719 380 1759 -.-
418 1675 524 1762 Hoc
553 1675 611 1762 de
637 1675 854 1792 pluribus
881 1677 1113 1766 Institutis

94 1819 357 1937 praedicari
389 1829 570 1944 potest,
607 1831 653 1900 et
693 1817 889 1900 Bursam
925 1841 1113 1932 quoque

94 1951 434 2077 Hunga'rorum
459 1950 820 2044 Cracouiensem
846 1961 1007 2076 tetigit.
1041 2001 1114 2036 -.·

95 2097 200 2191 Etsi
220 2097 287 2187 vert
320 2095 407 2184 hac
445 2087 667 2209 'primitus
700 2097 836 2186 multi
878 2114 1110 2216 praestan·
1172 2185 1176 2195 .

94 2261 168 2333 tes
207 2245 319 2348 viri,
368 2234 642 2325 honorificis
676 2239 916 2330 subselliis
952 2243 1110 2332 admo·

81 2393 161 2504 ti,
197 2411 307 2473 cum
337 2377 487 2468 solida
513 2383 815 2478 scientiarum
840 2359 1109 2504 cognitione

93 2535 158 2635 in
180 2526 386 2616 Patriam
417 2526 593 2610 reuersi
628 2525 745 2631 sint,
792 2524 918 2615 haud
947 2541 1109 2620 tamen
1232 2557 1237 2566 ·

95 2669 357 2776 saeculum.
391 2691 522 2753 suae·
553 2669 826 2758 existentiae
878 2673 1105 2789 attingere

95 2815 264 2934 potuit.
318 2856 388 2918 ”7
439 2806 514 2898 Ab
546 2837 670 2897 anno
696 2810 963 2907 millesimo.
999 2841 1106 2930 qua-

96 2957 466 3075 dringente'simo
507 2955 833 3075 ⁸nonagesimo
898 2953 1105 3078 secundo

98 3097 222 3211 vltra
305 3094 609 3190 millesimum
678 3099 1106 3215 quingentesimum

97 3243 540 3388 quinquagesimum
571 3255 791 3352 octauum
825 3269 920 3332 non
946 3245 1107 3358 paratis

838 3437 841 3443 ·
979 3391 1046 3496 rit

98 3680 496 3698 ΜΠ*

140 3785 188 3866 α)
210 3784 306 3850 Haec
336 3787 485 3860 nondum
513 3784 647 3850 detecta
678 3799 764 3848 sunt.

142 3909 185 3992 b)
204 3910 260 3998 „De
282 3912 367 3977 clar·
396 3913 536 3978 Orator.
