2596 4400
282 346 415 425 XVIII
489 405 492 414 .

229 535 559 640 versabantur,
622 534 854 650 Hungaris
896 531 1146 652 denegare⁸
1167 529 1251 620 ha·

16 767 17 776 Ν
122 697 126 724 ’
231 681 535 784 bitationem,
584 702 727 794 quam
766 680 867 764 sine
916 702 997 800 epe
1041 675 1248 763 Bursam

230 820 290 911 ad
318 823 614 939 primaeuum
646 795 815 930 florem
840 815 1124 925 reducendi,
1158 841 1244 906 eos

86 961 103 997 ⁵
230 959 470 1054 beneficiis
521 958 775 1054 succulare.
850 961 1050 1052 Ademta
1082 964 1244 1077 itaque

229 1105 416 1213 D0m0‚
453 1103 695 1204 Bursarii‚
731 1102 973 1193 diuendita
1011 1103 1242 1222 suppelle·
1282 1111 1284 1184 1

232 1247 332 1338 ctili
365 1245 649 1380 domestica,
685 1246 886 1367 dispersi
917 1248 1058 1365 fuere.
1282 1241 1284 1342 i

324 1535 394 1628 Ea
416 1537 703 1642 occasione,
743 1528 1042 1652 ¹probabilius
1086 1526 1239 1622 isthoc

228 1683 371 1770 etiam
412 1683 704 1802 Begastrum
748 1674 1065 1766 abalienatum
1118 1690 1238 1778 erat,

226 1838 337 1950 post
371 1819 553 1941 aliquot
578 1835 739 1910 tamen
765 1842 998 1909 annorum
1024 1814 1239 1906 interual·
1283 1889 1284 1898 Ν

114 2047 118 2066 Ν
228 1963 441 2076 lumper
483 1961 749 2054 Buosemvm
792 1964 843 2046 in
889 1960 995 2049 foro
1037 1961 1240 2050 scutario

120 2161 127 2170 -
228 2101 523 2228 inuentum,
570 2114 619 2185 et
655 2100 825 2215 exiguo
874 2104 1026 2213 pretio
1063 2101 1240 2188 redem·
1277 2099 1284 2204 j

232 2264 362 2353 tum,
408 2244 491 2362 qui
521 2236 641 2328 iliud
678 2236 739 2330 ad
772 2236 1111 2328 Bibliothecam
1142 2271 1237 2330 aea*

229 2389 493 2495 demicam,
537 2397 779 2498 tamquam
810 2406 867 2468 ex
905 2382 1095 2500 specula
1137 2407 1237 2501 pru

231 2536 435 2652 spicieus
476 2523 640 2616 usibus
694 2521 948 2643 aliquando
1001 2531 1237 2642 posterita·
1277 2563 1279 2572 ·

231 2681 292 2766 tis
331 2667 701 2776 famulaturum,
745 2666 1073 2786 reponendum
1111 2685 1234 2759 ratus

232 2833 330 2924 est,
367 2813 450 2904 vbi
486 2839 614 2902 nunc
650 2825 927 2902 asseruatur.
1000 2837 1098 2876 -·
1143 2807 1233 2900 Pri·

229 2983 338 3050 mus
387 2959 438 3044 in
492 2981 547 3044 ea
601 2951 981 3072 autographum,
1034 2949 1232 3043 euolutir

231 3097 421 3194 duobus
459 3093 687 3216 sacristia,
725 3093 902 3181 detexit
930 3093 1016 3186 Vir
1054 3119 1231 3214 msrgm-
1282 3133 1283 3211 3

229 3260 302 3333 ter
324 3242 495 3332 doctus
520 3237 757 3334 Gaorrcrvs
793 3232 974 3334 Sauum
995 3229 1230 3334 Baunrrra

231 3379 550 3478 Bibliothecae
614 3375 905 3472 academicae
961 3379 1230 3476 Cracouien·

232 3531 297 3618 sis
326 3523 629 3632 Praefectus,
667 3525 747 3642 qui
785 3525 964 3614 nationi
988 3521 1228 3640 Hungarae
1281 3603 1282 3614 Ν

234 3663 482 3792 gratificari
505 3667 697 3776 volens,
736 3663 855 3758 illud
895 3659 1121 3764 Mrcamr
1154 3661 1227 3754 T1-

1096 3842 1175 3900 ao-
