2602 4400
9 574 164 650 eadem
192 571 290 646 bona
319 585 384 644 aut
413 597 481 674 per
503 571 944 674 Dominos-collegiatos,
981 588 1047 644 aut

11 709 98 784 per
122 681 268 780 aliquos
291 677 380 750 alios
400 678 551 753 alienari
571 696 736 782 queant,
760 697 798 754 ct
817 677 1045 782 prohibere,

8 813 68 862 ne
99 783 508 888 aliquandodiscordia
531 788 569 860 in
593 786 661 860 hac
690 802 799 890 parte
829 802 1047 886 consurgat,

9 909 65 966 ut
94 893 323 995 plerumque
348 893 498 965 evenire
518 891 616 982 solet.
653 896 731 969 Vos
751 905 875 966 autem
898 893 964 992 qui
986 883 1048 964 re'-

6 997 101 1072 bus
143 998 418 1078 communitatis
457 999 576 1071 Bursa
610 995 733 1102 probe
767 996 1048 1086 administrandi

7 1107 252 1206 quicunque
281 1105 382 1196 sitis,
397 1103 537 1205 precise
557 1131 634 1178 non
654 1105 766 1178 modo
790 1105 959 1190 omnium
984 1101 1049 1174 ad·
1114 1122 1117 1130 ’
1142 1193 1144 1206 Ι

8 1209 189 1284 hibeatis
221 1209 468 1308 diligentiam,
495 1209 559 1284 sed
592 1215 703 1284 etiam
732 1210 912 1298 efficiatis,
950 1215 1076 1281 toto'

11 1343 106 1416 que
124 1323 276 1417 pectore
289 1367 303 1402 ,
325 1331 368 1386 ut
398 1319 553 1390 cunctis‘
570 1317 715 1390 viribus
748 1315 1046 1404 elaboravimus,
1123 1316 1125 1328 ’

14 1436 153 1522 utque
172 1444 239 1494 nos
258 1419 464 1496 calamitate
482 1438 695 1524 temporum
718 1451 793 1519 non
815 1447 945 1526 parvo,
969 1422 1045 1492 imo

12 1553 167 1626 magno
187 1525 317 1600 labore
338 1531 583 1620 retinuimus,
603 1557 669 1604 vos
691 1529 939 1603 communiter
970 1535 1061 1594 am-'

17 1633 176 1733 plictis,
203 1635 270 1705 ista
290 1649 416 1706 autem
440 1637 543 1706 Bona
565 1636 639 1706 iam
670 1637 875 1706 memoiata
910 1627 1050 1700 inclusa

16 1754 118 1810 sunt
139 1740 177 1810 in
200 1737 336 1810 cistella
363 1765 438 1840 una
459 1741 603 1810 munita
623 1742 712 1812 seris
735 1735 905 1823 duabus,
932 1735 971 1804 in
995 1730 1048 1804 fe-

15 1859 81 1918 sto
109 1843 302 1916 divisionis
326 1843 598 1943 Apostolorum
619 1860 662 1916 ut
683 1870 795 1943 supra
827 1840 884 1935 o).
909 1871 916 1888 r
1046 1921 1047 1924 Ἴ

125 1951 237 2020 Anno
259 1949 416 2020 Domini
437 1949 545 2020 ison.
575 1950 612 2022 in
644 1963 757 2022 estate
780 1947 874 2020 obiit
904 1945 1048 2046 Regina
1093 2026 1097 2033 ,

16 2055 229 2140 Poloniae,
256 2053 378 2124 Mater
397 2051 624 2130 Serenissimi
657 2056 835 2157 principis
855 2054 1048 2128 Wnnms-

17 2180 101 2231 LAI
141 2159 251 2258 Regis
285 2159 524 2259 Hungariae,
569 2161 1071 2236 seniorem‘Dominorum.
1150 2225 1160 2239 ,,

17 2266 304 2366 Hungarorum
323 2280 454 2365 agente
475 2293 536 2342 me
557 2269 757 2342 Benedicto
767 2271 870 2360 foris
892 2271 936 2336 de
959 2267 1003 2334 V
997 2289 1046 2336 a.-

20 2373 161 2441 radioo
190 2372 333 2444 arcium
351 2372 619 2462 Baccalaureo,
646 2399 689 2444 ac
713 2371 873 2472 plebano
894 2367 940 2440 de
960 2363 1045 2467 Bal,
1098 2409 1101 2420 ·

20 2502 114 2577 zeeg
138 2477 287 2573 Egregii
309 2480 459 2546 Ioannis
491 2479 679 2569 Tarchoy.
1023 2473 1025 2478 ’
1069 2485 1071 2490 ’

19 2676 22 2682 ¹
125 2579 210 2650 Alia
232 2593 356 2666 autem
377 2577 476 2649 bona
496 2581 544 2651 ad
563 2578 961 2682 bursam'pcrtinentia
980 2576 1045 2651 de-

16 2681 229 2789 posuimus*
261 2683 309 2756 ad
352 2709 466 2754 unam
515 2683 782 2760 habitationem
825 2687 1045 2760 interiorem

21 2793 175 2870 Mensae
196 2807 386 2889 quatuor,
413 2787 639 2868 lavatorium
659 2797 838 2892 inagnum
847 2792 1044 2890 Ligneum,

24 2923 160 2972 eneam
183 2896 316 2984 ollam,
343 2892 449 2996 quod
471 2896 530 2968 alii
554 2899 777 2998 sartaginem
792 2909 937 2984 vocant,
950 2909 1044 2968 veru

21 3007 217 3093 l'erreum,
244 3027 417 3104 scampna
438 3018 616 3102 quatuor,
643 3003 854 3108 pulpitum,
878 2995 1045 3074 scutellas

25 3109 122 3182 (luas
144 3109 305 3209 ligneas,
333 3133 527 3199 ancoram,
556 3111 764 3220 vulgo'was
786 3105 1043 3193 matshka,otc.

123 3218 233 3287 Anno
262 3217 418 3286 Domini
453 3215 562 3289 1515.
591 3244 662 3318 pro
693 3215 882 3288 communi
911 3211 1043 3283 domus

25 3341 114 3395 vsu?
132 3333 277 3420 emptae
316 3336 404 3396 sunt
435 3335 510 3394 tres
545 3327 693 3426 patinae
731 3321 777 3394 ad
817 3313 1043 3392 resenuanda

30 3424 199 3500 utensilia
229 3421 305 3500 uno
334 3425 477 3508 floreno
496 3455 562 3502 seu
584 3457 700 3504 aureo
720 3429 923 3521 Magistro
937 3425 978 3494 V
974 3446 1044 3529 ³³²7

505 3536 536 3608 Ε
566 3561 586 3608 2
741 3571 744 3576 ·
906 3555 990 3600 ces-
1142 3569 1145 3582 =

30 3709 446 3729 W
493 3703 496 3710 ¹

70 3815 116 3890 a)
140 3815 229 3877 Nota
261 3809 442 3869 Banasam
467 3803 502 3863 in
534 3801 683 3883 margine
716 3797 841 3863 habet:
873 3802 914 3864 in
940 3805 1042 3859 anto-

122 3889 346 3977 graphiae
373 3890 505 3948 iterum
539 3888 669 3970 incipit
700 3885 834 3948 charta
869 3883 1049 3945 membra*
1111 3941 1113 3949 Α
1187 3879 1192 3887 ’

129 3998 262 4044 nacon.
290 3993 403 4055 eaque
428 3969 569 4036 ultima.

1063 4157 1074 4190 i
