2596 4400
311 341 367 442 vr

352 523 460 618 Non
498 551 573 611 me
618 547 728 640 ergo
777 526 826 609 in
865 521 1071 610 Patriam
1112 548 1267 637 pecca:

262 687 424 763 turum
461 691 632 783 spero,
680 668 719 750 si
764 689 847 781 per
888 661 1146 768 editionem
1178 664 1267 756 huo

246 797 408 930 'usque
464 807 673 914 latentis,
724 821 770 902 et
810 836 894 894 nec
937 789 1129 912 nomine
1172 816 1266 924 qui-

169 947 194 980 *
257 956 366 1042 dem
411 951 634 1040 hactenus
663 955 780 1066 ,noti
827 949 1134 1066 Manusoripti
1191 951 1268 1038 Hi·

135 1091 137 1100 ’
199 1089 211 1177 ff
258 1101 451 1186 storiam
488 1093 737 1213 literarium
763 1093 1023 1210 Hungariae
1047 1122 1171 1181 noua
1196 1086 1266 1180 ac·

257 1242 467 1334 cessione
500 1237 783 1354 locupletare
823 1235 1123 1324 contendero.
1187 1265 1267 1330 ··..-··

166 1474 168 1478 ,
258 1382 367 1472 Non
414 1385 581 1498 potest.
617 1387 742 1468 euim
792 1409 888 1468 non
922 1383 1088 1466 ‘minus
1121 1323 1273 1490 utile,l

255 1551 397 1642 quam
433 1522 604 1639 volupe
649 1551 777 1630 esse,
816 1525 1061 1641 peruenire
1090 1527 1146 1610 in
1168 1454 1275 1634 xnod

256 1670 410 1754 titiam
430 1664 685 1774 Virorum,
724 1669 808 1784 qui
832 1693 919 1767 nos
946 1691 1029 1752 seu
1054 1670 1251 1784 propius
1272 1640 1273 1662 Ν

254 1835 339 1894 seu
380 1813 572 1932 eminus,
599 1810 907 1923 cognatione,
944 1806 1187 1913 affinitate,
1223 1839 1248 1896 e

254 1947 565 2064 popularitate
596 1952 903 2063 contingunt,
940 1951 1038 2058 vel,
1077 1953 1158 2067 qui
1192 1975 1254 2042 su

253 2087 471 2179 blimiore
506 2087 812 2196 eruditione,
847 2104 892 2178 et
933 2093 1117 2205 scriptis
1154 2099 1254 2180 emi

254 2247 394 2340 nent,
443 2219 523 2320 aut
554 2233 636 2349 qui
680 2233 727 2320 in
764 2231 1026 2330 Annalibus
1065 2234 1264 2349 singula·

227 2399 352 2488 ¹rem
389 2377 682 2483 constituunt
712 2371 968 2490 epocham,
1008 2377 1141 2466 secus
1173 2354 1278 2464 for-¹

253 2520 392 2606 tussis
432 2513 756 2628 oblitterandi,
810 2521 902 2626 nisi
931 2523 980 2626 in
1007 2519 1100 2628 hoo
1135 2518 1281 2632 Albo.

252 2657 679 2774 subscriptionibus
702 2663 949 2774 nominum
976 2633 1281 2770 manifestas*

252 2817 357 2890 sent
386 2797 706 2909 Athenaeum,
744 2807 793 2914 in
836 2830 1095 2920 quosnam
1136 2812 1265 2898 naoti

252 2946 755 3044 suntinstitutionem.
828 2989 898 3008 -
979 2947 1267 3066 Suffragabu

179 3188 184 3195 .
251 3101 326 3174 tur
364 3079 462 3174 non
491 3084 789 3175 mediocriter
822 3089 949 3178 istud
977 3088 1266 3208 Regestrnm

250 3231 526 3346 cumprimis
550 3227 670 3354 iltis,
707 3233 788 3348 qui
814 3232 1153 3348 concinnandis
1180 3235 1265 3326 Vi-

246 3383 412 3482 [rornm
431 3369 710 3486 illustrium,
746 3389 826 3472 aut
845 3375 1140 3486 eruditorum
1162 3376 1268 3488 hio.

250 3511 451 3651 graphiis
488 3541 621 3628 suam
651 3514 811 3632 locant
846 3543 1049 3638 operam,

988 3914 992 3930 1
1101 3802 1191 3922 lille
