2602 4400
68 519 80 572 r

38 601 42 608 ’
118 593 205 668 Hac
236 596 526 667 commutatione
557 596 765 698 'incipiente
797 598 906 674 desiit
935 602 1047 700 COisst

10 703 190 774 munitas
212 695 595 801 haecHungarorum.
622 701 835 780 Videbatur
858 699 959 782 enim
969 709 1047 784 Do·
1084 703 1088 708 ¹

10 809 137 881 minis
169 804 381 908 Collegiatis
411 805 636 883 detrimento
666 806 749 884 fore
781 814 1046 907 Universitati,

10 917 33 988 si
59 913 208 988 domus
230 938 351 986 novae
368 912 512 990 Boreae
543 943 565 988 a
595 927 673 988 tam
704 911 844 1018 paucis‘
868 921 1048 997 incolere·
1153 1002 1156 1010 ,

10 1037 105 1111 tur,
139 1033 295 1124 propter
316 1044 446 1096 census
466 1021 729 1122 exiguitatem,
756 1027 824 1126 qui
840 1025 944 1100 nullo
964 1055 1045 1130 mog

10 1126 59 1200 do
88 1126 146 1199 ad
175 1125 356 1200 fabricam
377 1125 526 1210 ¹(lomus
558 1129 771 1204 sufficeret
804 1131 1046 1236 Quapropter

10 1233 138 1308 domo
170 1233 330 1334 privati,
368 1258 411 1308 ac
446 1236 550 1312 omni
585 1239 650 1336 spe
682 1237 947 1324 restaurandae
978 1239 1046 1313 ali·
1130 1259 1133 1266 ·

10 1337 181 1440 quando
204 1340 489 1420 Communitatis
521 1341 740 1443 Hungariae
769 1347 810 1418 in
844 1343 1047 1422 Academia

10 1443 83 1518 hac
108 1456 270 1548 propter
294 1443 480 1542 bellorum
503 1466 778 1550 perpetuorum
802 1451 1047 1552 inHungaria

10 1553 223 1652 strepitus,
260 1577 303 1625 ac
328 1553 522 1632 turbatam
549 1555 771 1655 religionem
801 1556 946 1645 orbati,
982 1555 1048 1628 diu
1116 1581 1122 1592 “

10 1657 130 1732 nobis
153 1657 199 1730 de
220 1660 508 1736 Commuuitat'is
540 1658 656 1748 rebus
668 1713 685 1750 ,,
715 1687 883 1762 quonam
917 1675 1048 1762 pacto,

11 1766 233 1866 posteritati
264 1767 488 1840 'conservari
537 1767 706 1866 possint,
754 1763 1049 1864 deliberantibus

14 1873 102 1964 (usi
127 1896 173 1944 ca
198 1872 238 1943 in
258 1897 302 1944 re
324 1872 438 1944 etiam
459 1896 573 1969 supra
591 1872 787 1947 memorati
810 1869 961 1946 Domini
975 1871 1052 1944 Re-
1142 1892 1155 1920 ¹

16 1978 139 2052 ctoris
158 1973 340 2070 consilio)
369 1999 456 2048 cum
473 1974 687 2053 videremus
700 1978 780 2052 sive
793 1977 1050 2078 Universitati,
1160 2057 1161 2060 Ἴ

13 2085 94 2157 sire
117 2079 232 2156 alicui
252 2082 403 2156 Civium
427 2108 487 2156 res
515 2082 594 2158 illas
624 2081 897 2160 conservandas
925 2083 1058 2157 trade·

16 2213 177 2278 remus,
205 2186 310 2264 nuilo
329 2187 442 2277 modo
455 2187 606 2292 posthac
627 2193 666 2265 in
686 2187 819 2266 manus
838 2205 1050 2266 nostratum

19 2311 206 2396 venturas
221 2292 330 2387 iore,
356 2297 554 2376 accedente
577 2319 758 2376 consensu
792 2296 945 2370 Domini
973 2297 1051 2370 Re-

22 2403 137 2475 ctoris
160 2403 377 2493 statuimus,
404 2400 447 2480 ea
459 2436 473 2494 ,'
497 2431 597 2504 quae
617 2405 842 2502 antiquitate
864 2401 938 2474 iam
959 2399 1051 2472 vile-

21 2505 197 2597 scebant,
224 2507 411 2597 vendere‚
439 2510 706 2610 praetiumque
725 2531 859 2587 eorum
880 2506 920 2580 iu
939 2532 1049 2582 Vsum

25 2611 248 2688 Studiorum
270 2613 490 2693 nostrorum
508 2627 750 2700 convertere.v
779 2612 867 2701 Non
895 2613 1051 2713 quidem

25 2721 184 2794 avaritia
204 2719 367 2809 incitati,
394 2717 459 2794 sed
482 2717 588 2818 quod
608 2718 740 2794 melius
761 2720 894 2818 vtique
924 2721 1069 2798 'existi-f
1146 2748 1147 2754 ¹

27 2848 237 2916 manemus,
265 2841 307 2897 vt
327 2850 398 2921 ca,
424 2843 525 2926 quae
547 2853 568 2898 a
592 2823 785 2927 prioribus
802 2825 951 2913 nostris,
978 2850 1050 2930 pro
1115 2861 1118 2868 λ

28 2953 94 3004 vsu
118 2932 399 3010 communitatis
420 2945 657 3032 comparata,
683 2926 834 3008 anobis
852 2924 1050 3030 hucusque
1090 2972 1092 2976 -
1167 2992 1192 3032 A,
1212 2933 1221 2984 ἶ
1268 2921 1274 2932 ’

28 3034 174 3141 integre
197 3051 311 3112 erant,
325 3050 564 3130 conservata,
598 3038 638 3111 in
671 3035 905 3112 necessitates
936 3031 1052 3110 hone·
1211 3037 1214 3044 ’

26 3157 98 3218 stas
107 3197 124 3235 ³
152 3143 255 3218 nulla
273 3170 337 3246 spe
358 3145 569 3247 reparanda
596 3144 873 3220 communitatis
898 3141 1050 3248 relicta,

34 3251 335 3354 exponerentur,
362 3277 479 3352 quam
499 3250 604 3358 apud
625 3250 791 3352 aliquem
802 3248 966 3324 alienum
985 3274 1070 3340 ruffi
1167 3297 1170 3306 ·

34 3347 160 3456 bigine
174 3371 510 3448 consumerentur,
536 3355 817 3459 quodquidam
838 3356 1051 3430 institutum
1125 3349 1127 3357 ’

37 3478 224 3552 nostrum,
250 3465 279 3535 si
299 3465 367 3564 qui
389 3462 486 3538 sorte
508 3489 684 3538 accusare
698 3460 840 3549 velint,
867 3479 1052 3552 accusent,
1134 3549 1138 3556 .

41 3568 138 3664 prius
167 3582 317 3671 oportet
334 3586 418 3644 tum
439 3571 663 3646 necessitatis
687 3564 943 3645 inevitabilem
963 3589 1054 3644 con-

41 3667 236 3764 ditionem,
272 3689 357 3748 tum
387 3677 576 3750 Ciceronis
615 3673 830 3764 consilium,
868 3673 1054 3750 docentis:

37 3797 85 3864 tx
105 3779 252 3858 duobus
278 3781 384 3856 malis
405 3785 529 3856 minus
548 3782 690 3856 malum
712 3783 791 3869 est,¹
816 3796 931 3882 parta·
946 3791 1069 3883 prae.
1102 3790 1106 3799 '

46 3875 274 3964 decessorum
304 3888 434 3984 labore
472 3885 625 3971 honeste
655 3898 896 3976 consumere,
938 3911 1056 4006 oriam

947 4017 1008 4078 ur«,
