2568 4406
263 321 309 392 72

338 468 1081 644 Antuaovuuslouu'a
1172 497 1177 504 ·

232 713 234 718 ⁵
314 731 350 821 l.
401 729 563 848 ltaque
622 725 867 844 hucusque
919 723 1222 841 protenditur
1266 711 1267 750 ³

199 861 388 982 nouum
422 874 660 962 Historiae
691 869 944 960 Literetiee
992 853 1222 994 Hungari·

55 1071 58 1078 ⁴
203 1047 284 1112 cae
324 1015 725 1135 phaenomenon,
774 1007 913 1131 quod
942 1010 1032 1106 sub
1077 1013 1220 1107 titulo
1267 1067 1269 1278 1

202 1168 423 1286 Registri
457 1168 648 1250 Barcae
704 1159 1034 1250 Cracootensis
1085 1163 1224 1251 Hun-

199 1338 447 1446 gororum
462 1327 545 1418 pet
582 1306 671 1390 tria
705 1299 803 1394 sara
837 1297 1044 1397 saecula
1057 1295 1219 1411 latuit

201 1445 413 1562 nullique
441 1449 596 1536 visum
623 1457 719 1544 est,
766 1457 847 1546 aut
880 1443 921 1528 si
954 1443 1033 1531 cui
1071 1447 1270 1532 etiam

201 1589 254 1684 in
280 1585 445 1682 oculos
471 1587 659 1698 incidit,
683 1583 863 1694 nullam
884 1598 1044 1694 tamen
1071 1599 1218 1674 attan

201 1735 382 1821 tionem
405 1735 580 1837 mouit,
618 1729 845 1821 donicum
867 1752 977 1832 cura
1001 1724 1217 1817 eruditis·

204 1877 310 1960 simi
330 1872 551 1964 SAMVELIS
577 1871 635 1961 de
660 1871 874 1960 ΒΔΝΜΚΕ
896 1865 1215 1984 Bibliothecae
1271 1914 1272 1966 ι

185 2015 529 2134 'Cracouiensis
558 2015 787 2108 Praefecti
813 2018 934 2102 inter
962 2011 1216 2102 Μιιιιιειιιιε

202 2171 283 2274 pta
307 2153 518 2270 ciusdem
549 2153 870 2256 Bibliothecae
910 2151 1214 2276 detegereiun

200 2341 273 2383 -ψ-
297 2294 346 2386 Si
360 2293 713 2385 illudaccucate
731 2303 1034 2404 examinetur,
1045 2325 1214 2414 operae

200 2465 310 2530 sane
325 2443 529 2554 [aretium
551 2453 675 2548 eret,
695 2454 746 2528 vt
762 2445 887 2558 typis
906 2439 1210 2543 exscribatun

292 2578 352 2672 ΙΙ.’
383 2579 636 2701 Catalogus
658 2586 746 2670 iste
763 2581 1099 2702 Studiosorum
1121 2611 1213 2673 ma·

195 2751 287 2854 gno
327 2747 438 2810 sane
471 2727 777 2813 incitamento
814 2753 916 2814 esse
941 2739 1123 2865 potest,
1163 2743 1213 2814 vt

138 2845 255 2957 ad
270 2865 579 2982 exquirendas
603 2871 743 2958 etiem
767 2867 880 2958 alias
906 2865 1105 2978 Literna,
1136 2863 1214 2960 Di·

142 3024 145 3032 ’
192 3009 419 3126 plumata,
466 3025 516 3094 et
546 2993 870 3129 Manuscripte
911 3037 1008 3118 non
1037 3009 1211 3118 modo,

192 3181 311 3272 quae
339 3175 440 3238 rem
468 3147 719 3248 literarium
755 3169 1078 3270 concernunt,
1123 3153 1212 3243 sed

190 3300 330 3384 otiam
360 3291 605 3408 politicum
638 3293 903 3413 Hungariae
937 3313 1116 3412 statum
1147 3297 1210 3386 fe·

182 3437 339 3543 aiunt
392 3431 468 3524 hic
502 3431 619 3522 olim
660 3435 898 3562 deposita,
951 3439 1209 3584 populares

187 3582 362 3683 nostri,
402 3575 508 3666 data
531 3583 802 3686 occasione,
824 3555 1203 3686 exstimulentur

115 3723 118 3730 '
187 3719 421 3841 Hungaris
447 3747 556 3832 cuin
573 3720 767 3834 Polonis
788 3740 968 3838 arctant
995 3729 1206 3842 superio-

999 3865 1132 3978 tibus
